
@Misc{submission-files,
  Title		 = {Full submission package, which contains the algorithm specification, a reference implementation in C, an optimised implementation in C and an optimised implementation in Java},
  Author         = "{Ross Anderson} and {Eli Biham} and {Lars Knudsen}",
  url            = {http://www.cl.cam.ac.uk/~rja14/Papers/serpent.tar.gz},
  Note           = "[Online; accessed 18-February-2012]",
}

@Misc{case,
  Author         = "{Ross Anderson} and {Eli Biham} and {Lars Knudsen}",
  Title          = "The {C}ase for {S}erpent",
  Note           = "[Online; accessed 18-February-2012]",
  url            = "http://www.cl.cam.ac.uk/~rja14/Papers/serpentcase.pdf",
  year           = 2000
}

@Misc{scan,
  Author         = "{David Hopwood david.hopwood@zetnet.co.uk}",
  Title          = "SCAN -- Standard Cryptographic Algorithm Naming",
  Note           = "[Online; accessed 26-January-2012]",
  url            = "http://www.users.zetnet.co.uk/hopwood/crypto/scan/cs.html#Serpent",
  year           = 2002
}

@Misc{wikipedia,
  Author         = "Wikipedia",
  Title          = "Serpent (cipher) --- Wikipedia{,} The Free
                   Encyclopedia",
  Note           = "[Online; accessed 18-February-2012]",
  url            = "http://en.wikipedia.org/w/index.php?title=Serpent_(cipher)&oldid=469573199",
  year           = 2012
}

@Misc{submission,
  Author         = "{Ross Anderson} and {Eli Biham} and {Lars Knudsen}",
  Title          = "Serpent: A proposal for the Advanced Encryption
                   Standard",
  Note           = "[Online; accessed 18-February-2012]",
  url            = "http://www.cl.cam.ac.uk/~rja14/Papers/serpent.pdf",
  year           = ""
}

@Misc{biham,
  Author         = "Eli Biham",
  Title          = "Serpent - A New Block Cipher Proposal for AES",
  Note           = "[Online; accessed 18-February-2012]",
  url            = "http://www.cs.technion.ac.il/~biham/Reports/Serpent/",
  year           = ""
}

@Misc{homepage,
  Author         = "Ross J. Anderson",
  Title          = "Serpent Home Page",
  Note           = "[Online; accessed 26-January-2012]",
  url            = "https://www.cl.cam.ac.uk/~rja14/serpent.html",
  year           = ""
}

@Misc{referenceImplementation,
  Author         = "Frank Stajano",
  Title          = "Serpent reference implementation",
  Note           = "[Online; accessed 26-January-2012]",
  url            = "https://www.cl.cam.ac.uk/~fms27/serpent/",
  year           = ""
}

@Misc{Schneier:Harder,
  Author         = "Bruce Schneier",
  Title          = "Why Cryptography Is Harder Than It Looks",
  Note           = "[Online; accessed 18-Apr-2012]",
  url            = "https://www.schneier.com/essay-037.html",
  year           = "1997"
}

@Misc{Schneier:Pitfalls,
  Author         = "Bruce Schneier",
  Title          = "Security Pitfalls in Cryptography",
  Note           = "[Online; accessed 18-Apr-2012]",
  url            = "https://www.schneier.com/essay-028.html",
  year           = "1998"
}

@Misc{DefendYourCode,
  Author         = "Michael Howard and Keith Brown",
  Title          = "Defend Your Code with Top Ten Security Tips Every Developer Must Know",
  Note           = "[Online; accessed 18-Apr-2012]",
  url            = "http://msdn.microsoft.com/en-us/magazine/cc188938.aspx#S5",
  year           = "2002"
}
