
@Misc{referenceImplementation,
  Author         = "Frank Stajano",
  Title          = "Serpent reference implementation",
  Note           = "[Online; accessed 26-January-2012]",
  url            = "https://www.cl.cam.ac.uk/~fms27/serpent/",
  year           = ""
}

@Misc{wikipedia,
  Author         = "Wikipedia",
  Title          = "Serpent (cipher) --- Wikipedia{,} The Free
                   Encyclopedia",
  Note           = "[Online; accessed 26-January-2012]",
  url            = "http://en.wikipedia.org/w/index.php?title=Serpent_(cipher)&oldid=469573199",
  year           = 2012
}

@Misc{homepage,
  Author         = "Ross J. Anderson",
  Title          = "Serpent Home Page",
  Note           = "[Online; accessed 26-January-2012]",
  url            = "https://www.cl.cam.ac.uk/~rja14/serpent.html",
  year           = ""
}

@Misc{scan,
  Author         = "David Hopwood <david.hopwood@zetnet.co.uk>",
  Title          = "SCAN -- Standard Cryptographic Algorithm Naming",
  Note           = "[Online; accessed 26-January-2012]",
  url            = "http://www.users.zetnet.co.uk/hopwood/crypto/scan/cs.html#Serpent",
  year           = 2002
}


